<record><leader>00000cas a22000007a 4500</leader><controlfield tag="001">20536913</controlfield><controlfield tag="008">891023c19839999mouwr ne      0    0eng d</controlfield><datafield ind1=" " ind2=" " tag="010"><subfield code="a">sn 89067096 </subfield></datafield><datafield ind1=" " ind2=" " tag="040"><subfield code="a">MQN</subfield><subfield code="b">eng</subfield><subfield code="c">MQN</subfield><subfield code="d">OCLCQ</subfield></datafield><datafield ind1=" " ind2=" " tag="042"><subfield code="a">msc</subfield></datafield><datafield ind1="0" ind2=" " tag="130"><subfield code="a">Edina sentinel (Edina, Mo. : 1983)</subfield></datafield><datafield ind1="1" ind2="4" tag="245"><subfield code="a">The Edina sentinel.</subfield></datafield><datafield ind1=" " ind2=" " tag="260"><subfield code="a">Edina, Knox County, Mo. :</subfield><subfield code="b">Sentinel Print. Co.,</subfield><subfield code="c">1983-</subfield></datafield><datafield ind1=" " ind2=" " tag="300"><subfield code="a">v.</subfield></datafield><datafield ind1=" " ind2=" " tag="310"><subfield code="a">Weekly</subfield></datafield><datafield ind1="0" ind2=" " tag="362"><subfield code="a">Vol. 116, no. 12 (Oct. 5, 1983)-</subfield></datafield><datafield ind1=" " ind2=" " tag="752"><subfield code="a">United States</subfield><subfield code="b">Missouri</subfield><subfield code="c">Knox</subfield><subfield code="d">Edina.</subfield></datafield><datafield ind1="0" ind2="0" tag="780"><subfield code="t">Edina sentinel and Knox County democrat</subfield><subfield code="w">(DLC)sn 89067095</subfield></datafield></record>